<?xml version="1.0" encoding="UTF-8"?><collection xmlns="http://www.loc.gov/MARC21/slim"><record><leader>00382nam--2200133-i-4500</leader><controlfield tag="001">000001661</controlfield><controlfield tag="002">20161230</controlfield><controlfield tag="005">20161230201024</controlfield><controlfield tag="008">060222s1000------------r-----000-0-eng-d</controlfield><datafield ind1=" " ind2=" " tag="080"><subfield code="a">517(061.3)</subfield></datafield><datafield ind1=" " ind2=" " tag="245"><subfield code="a">Global analysis.proceedings</subfield></datafield><datafield ind1=" " ind2=" " tag="260"><subfield code="a">Providence, Rhode Island, American Mathematical Society, 1970. V + 367 P</subfield></datafield><datafield ind1=" " ind2=" " tag="700"><subfield code="a">Shiing-shen Chern., Smale, Stephen</subfield></datafield><datafield ind1=" " ind2=" " tag="852"><subfield code="a">16499</subfield></datafield></record></collection>